@article{websocket,
  title={Rfc 6455: The websocket protocol},
  author={Fette, I and Melnikov, A},
  journal={IETF, December},
  year={2011}
}
