%# -*- coding: utf-8-unix -*-

@book{Booch,
  title={Object Oriented Design: With Applications},
  author={Booch, G.},
  isbn={9780805300918},
  lccn={90034884},
  series={The Benjamin/Cummings Series in Ada and Software Engineering},
  url={https://books.google.com/books?id=w5VQAAAAMAAJ},
  year={1991},
  publisher={Benjamin/Cummings Pub.}
}

@mastersthesis{CruiseControls,
  title={基于 Jenkins 的持续集成方案设计与实现},
  author={卞孟春},
  year={2014},
  school={中国科学院大学 (工程管理与信息技术学院)}
}
