%# -*- coding: utf-8-unix -*-

@inproceedings{soltesz2007container,
  title={Container-based operating system virtualization: a scalable, high-performance alternative to hypervisors},
  author={Soltesz, Stephen and P{\"o}tzl, Herbert and Fiuczynski, Marc E and Bavier, Andy and Peterson, Larry},
  booktitle={ACM SIGOPS Operating Systems Review},
  volume={41},
  number={3},
  pages={275--287},
  year={2007},
  organization={ACM}
}

@article{bernstein2014containers,
  title={Containers and cloud: From lxc to docker to kubernetes},
  author={Bernstein, David},
  journal={IEEE Cloud Computing},
  number={3},
  pages={81--84},
  year={2014},
  publisher={IEEE}
}

@article{boettiger2015introduction,
  title={An introduction to Docker for reproducible research},
  author={Boettiger, Carl},
  journal={ACM SIGOPS Operating Systems Review},
  volume={49},
  number={1},
  pages={71--79},
  year={2015},
  publisher={ACM}
}

@inproceedings{dua2014virtualization,
  title={Virtualization vs containerization to support paas},
  author={Dua, Rajdeep and Raja, A Reddy and Kakadia, Dharmesh},
  booktitle={Cloud Engineering (IC2E), 2014 IEEE International Conference on},
  pages={610--614},
  year={2014},
  organization={IEEE}
}
