@article{cloc,
  title={Cloc--count lines of code},
  author={Danial, Al},
  journal={Open source},
  year={2009}
}
