%# -*- coding: utf-8-unix -*-

@inproceedings{Borg,
  title={Large-scale cluster management at Google with Borg},
  author={Verma, Abhishek and Pedrosa, Luis and Korupolu, Madhukar and Oppenheimer, David and Tune, Eric and Wilkes, John},
  booktitle={Proceedings of the Tenth European Conference on Computer Systems},
  pages={18},
  year={2015},
  organization={ACM}
}
